<?xml version="1.0" encoding="UTF-8"?><collection xmlns="http://www.loc.gov/MARC21/slim"><record><leader>00557nam--2200193-i-4500</leader><controlfield tag="001">000016485</controlfield><controlfield tag="002">20161230</controlfield><controlfield tag="005">20161230201031</controlfield><controlfield tag="008">060222s1000------------r-----000-0-rum-d</controlfield><datafield ind1=" " ind2=" " tag="040"><subfield code="a">IFIN-HH</subfield></datafield><datafield ind1=" " ind2=" " tag="041"><subfield code="a">rum</subfield></datafield><datafield ind1=" " ind2=" " tag="080"><subfield code="a">539.213.2(043)</subfield></datafield><datafield ind1="1" ind2=" " tag="100"><subfield code="a">Chipara, Mircea</subfield></datafield><datafield ind1="1" ind2="0" tag="245"><subfield code="a">Interactii hiperfine in solide</subfield><subfield code="b">Rezumatul tezei</subfield><subfield code="c">Mircea chipara</subfield></datafield><datafield ind1=" " ind2=" " tag="260"><subfield code="a">Bucuresti</subfield><subfield code="b">Institutul De Fizica Atomica</subfield><subfield code="c">1995</subfield></datafield><datafield ind1=" " ind2=" " tag="300"><subfield code="a">30 P.+CONCLUZII</subfield></datafield><datafield ind1=" " ind2=" " tag="502"><subfield code="a">Conducator Stiintific: Prof.Dr. Danila Barb</subfield></datafield><datafield ind1=" " ind2=" " tag="852"><subfield code="a">80341</subfield><subfield code="c">539.2</subfield></datafield><datafield ind1=" " ind2=" " tag="CAT"><subfield code="a">Sys</subfield><subfield code="c">20121204</subfield><subfield code="h">155757</subfield></datafield></record></collection>